<record><leader>00000cas a22000007a 4500</leader><controlfield tag="001">25897784</controlfield><controlfield tag="008">920527d18941uuunyuwr ne      0    0eng d</controlfield><datafield ind1=" " ind2=" " tag="010"><subfield code="a">sn 92061688 </subfield></datafield><datafield ind1=" " ind2=" " tag="040"><subfield code="a">NYS</subfield><subfield code="b">eng</subfield><subfield code="c">NYS</subfield><subfield code="d">OCLCQ</subfield></datafield><datafield ind1=" " ind2=" " tag="042"><subfield code="a">msc</subfield></datafield><datafield ind1="0" ind2="0" tag="245"><subfield code="a">Margaretville messenger.</subfield></datafield><datafield ind1=" " ind2=" " tag="260"><subfield code="a">Margaretville, N.Y. :</subfield><subfield code="b">Margaretville Messenger Co.</subfield></datafield><datafield ind1=" " ind2=" " tag="300"><subfield code="a">v. ;</subfield><subfield code="c">63 cm.</subfield></datafield><datafield ind1=" " ind2=" " tag="310"><subfield code="a">Weekly</subfield></datafield><datafield ind1="0" ind2=" " tag="362"><subfield code="a">Vol. 1, no, 1 (Dec. 13, 1894)-</subfield></datafield><datafield ind1=" " ind2="4" tag="651"><subfield code="a">Margaretville (N.Y.)</subfield><subfield code="v">Newspapers.</subfield></datafield><datafield ind1=" " ind2=" " tag="752"><subfield code="a">United States</subfield><subfield code="b">New York</subfield><subfield code="c">Delaware</subfield><subfield code="d">Margaretville.</subfield></datafield><datafield ind1="0" ind2="0" tag="785"><subfield code="t">Catskill Mountain news and Margaretville messenger</subfield><subfield code="w">(DLC)sn 92061689</subfield></datafield><datafield ind1="1" ind2=" " tag="029"><subfield code="a">AU@</subfield><subfield code="b">000020701249</subfield></datafield></record>